<collection xmlns="http://www.loc.gov/MARC21/slim">
<record>
  <leader>01745nam0a22003371i 450 </leader>
  <controlfield tag="001">IT\ICCU\CNCE\061378</controlfield>
  <controlfield tag="005">20050922000000.0</controlfield>
  <datafield tag="012" ind1=" " ind2=" ">
    <subfield code="a">44d. 1657 o-7. 3.ra (3) 1574 (R)</subfield>
    <subfield code="2">fei</subfield>
  </datafield>
  <datafield tag="100" ind1=" " ind2=" ">
    <subfield code="a">20050921d1574        0itac0103    ba</subfield>
  </datafield>
  <datafield tag="101" ind1=" " ind2=" ">
    <subfield code="a">LAT</subfield>
  </datafield>
  <datafield tag="102" ind1=" " ind2=" ">
    <subfield code="a">IT</subfield>
  </datafield>
  <datafield tag="200" ind1="1" ind2=" ">
    <subfield code="a">℗M. Tulli Ciceronis, Demosthenis, Isoscratis, ac aliorum veterum oratorum, philosophorum, &amp; poetarum ℗Sententiae insigniores, apophtegmata, &amp; similia. Nec non de doctrina philosophorum ex eodem Cicerone libellus ...</subfield>
  </datafield>
  <datafield tag="210" ind1=" " ind2=" ">
    <subfield code="a">\12!</subfield>
    <subfield code="d">53 4</subfield>
    <subfield code="d">\6! p.</subfield>
    <subfield code="d">12o</subfield>
  </datafield>
  <datafield tag="300" ind1=" " ind2=" ">
    <subfield code="a">ANNULLATA  !!!!!  vedi 30780((Marca (n.c.) tip. sul front. e in fine. - Segn.: croce6, A-Y12  Z6</subfield>
  </datafield>
  <datafield tag="620" ind1=" " ind2=" ">
    <subfield code="a">IT</subfield>
    <subfield code="d">Venezia</subfield>
  </datafield>
  <datafield tag="700" ind1=" " ind2="1">
    <subfield code="a">Cicero,</subfield>
    <subfield code="b">Marcus Tullius</subfield>
    <subfield code="3">IT\ICCU\CNCA\002170</subfield>
  </datafield>
  <datafield tag="702" ind1=" " ind2="0">
    <subfield code="a">Isocrates</subfield>
    <subfield code="3">IT\ICCU\CNCA\005015</subfield>
  </datafield>
  <datafield tag="702" ind1=" " ind2="1">
    <subfield code="a">Lagnier,</subfield>
    <subfield code="b">Pierre</subfield>
    <subfield code="3">IT\ICCU\CNCA\008125</subfield>
  </datafield>
  <datafield tag="702" ind1=" " ind2="0">
    <subfield code="a">Demosthenes</subfield>
    <subfield code="3">IT\ICCU\CNCA\000040</subfield>
  </datafield>
  <datafield tag="712" ind1="0" ind2="0">
    <subfield code="a">Bariletti, Giovanni</subfield>
    <subfield code="3">IT\ICCU\CNCT\000244</subfield>
    <subfield code="4">650</subfield>
  </datafield>
  <datafield tag="790" ind1=" " ind2="1">
    <subfield code="a">Tullius Cicero,</subfield>
    <subfield code="b">Marcus</subfield>
    <subfield code="3">IT\ICCU\CNCA\020042</subfield>
    <subfield code="z">Cicero, Marcus Tullius</subfield>
  </datafield>
  <datafield tag="790" ind1=" " ind2="0">
    <subfield code="a">Isokrates</subfield>
    <subfield code="3">IT\ICCU\CNCA\020255</subfield>
    <subfield code="z">Isocrates</subfield>
  </datafield>
  <datafield tag="790" ind1=" " ind2="0">
    <subfield code="a">Isocrate</subfield>
    <subfield code="3">IT\ICCU\CNCA\020256</subfield>
    <subfield code="z">Isocrates</subfield>
  </datafield>
  <datafield tag="790" ind1=" " ind2="0">
    <subfield code="a">Isocrates</subfield>
    <subfield code="c"> : Atheniensis</subfield>
    <subfield code="3">IT\ICCU\CNCA\020257</subfield>
    <subfield code="z">Isocrates</subfield>
  </datafield>
  <datafield tag="790" ind1=" " ind2="1">
    <subfield code="a">Lagnerius,</subfield>
    <subfield code="b">Petrus</subfield>
    <subfield code="3">IT\ICCU\CNCA\016026</subfield>
    <subfield code="z">Lagnier, Pierre</subfield>
  </datafield>
  <datafield tag="790" ind1=" " ind2="0">
    <subfield code="a">Demostene</subfield>
    <subfield code="3">IT\ICCU\CNCA\015284</subfield>
    <subfield code="z">Demosthenes</subfield>
  </datafield>
  <datafield tag="791" ind1="0" ind2="0">
    <subfield code="a">Bariletto, Giovanni</subfield>
    <subfield code="3">IT\ICCU\CNCT\004295</subfield>
    <subfield code="z">Bariletti, Giovanni</subfield>
  </datafield>
  <datafield tag="791" ind1="0" ind2="0">
    <subfield code="a">Bariletus, Ioannes</subfield>
    <subfield code="3">IT\ICCU\CNCT\004296</subfield>
    <subfield code="z">Bariletti, Giovanni</subfield>
  </datafield>
  <datafield tag="791" ind1="0" ind2="0">
    <subfield code="a">Barilettus, Ioannes</subfield>
    <subfield code="3">IT\ICCU\CNCT\004297</subfield>
    <subfield code="z">Bariletti, Giovanni</subfield>
  </datafield>
  <datafield tag="801" ind1=" " ind2="3">
    <subfield code="a">IT</subfield>
    <subfield code="b">ICCU</subfield>
    <subfield code="c">20201115</subfield>
  </datafield>
  <datafield tag="899" ind1=" " ind2=" ">
    <subfield code="a">Biblioteca del Seminario Vescovile della Facolt ̉Teologica del Triveneto dell&apos;Istituto Filosofico Aloisianum. Padova</subfield>
    <subfield code="1">PD0073</subfield>
    <subfield code="2">PUV 01</subfield>
  </datafield>
</record>
</collection>
